@misc{iTrust,	
  title ={itrust.sutd.edu.sg},
  howpublished ={\url{https://itrust.sutd.edu.sg/testbeds/electric-power-intelligent-control-epic/}},
}

@misc{Tommymorris,	
  title ={Industrial Control System (ICS) Cyber Attack Datasets},
  howpublished ={\url{https://sites.google.com/a/uah.edu/tommy-morris-uah/ics-data-sets}},
}

@misc{Tommymorrisd5,	
  title ={Industrial Control System (ICS) Cyber Attack Datasets},
  howpublished ={\url{https://drive.google.com/file/d/0B8m--Hm7dOEqRFNOd1hvelZ3ZFE/view?resourcekey=0-zeNptZ-WXXydUgsDudYbpA}},
}

@misc{IanDefenseSlides,	
  title ={IanDefenseSlides},
  howpublished ={\url{https://www.google.com/url?q=http%3A%2F%2Fwww.ece.uah.edu%2F~thm0009%2Ficsdatasets%2FIanDefenseSlides.pptx&sa=D&sntz=1&usg=AFQjCNFs9RccIddwE7x_0YDtZeEk4HEPVQ}},
}

@misc{IEEE,	
  title ={IEEE DataPort},
  howpublished ={\url{https://ieee-dataport.org/documents/cyber-security-modbus-ics-dataset}},
}

@misc{cse,	
  title ={https://www.cse.wustl.edu/},
  howpublished ={\url{https://www.cse.wustl.edu/~jain/iiot/index.html}},
}

@misc{Jupyter,	
  title ={Jupyter Notebook},
  howpublished ={\url{https://drive.google.com/drive/u/1/folders/1Ao5VAQ3TQRPDDAHp2E4mqv4EnrXtCp2I}},
}

@inproceedings{DBLP:conf/dsn/FengLC17,
  author    = {Cheng Feng and
               Tingting Li and
               Deeph Chana},
  title     = {Multi-level Anomaly Detection in Industrial Control Systems via Package
               Signatures and {LSTM} Networks},
  booktitle = {47th Annual {IEEE/IFIP} International Conference on Dependable Systems
               and Networks, {DSN} 2017, Denver, CO, USA, June 26-29, 2017},
  pages     = {261--272},
  publisher = {{IEEE} Computer Society},
  year      = {2017},
  url       = {https://doi.org/10.1109/DSN.2017.34},
  doi       = {10.1109/DSN.2017.34},
  timestamp = {Wed, 20 Jan 2021 09:45:32 +0100},
  biburl    = {https://dblp.org/rec/conf/dsn/FengLC17.bib},
  bibsource = {dblp computer science bibliography, https://dblp.org}
}

@inproceedings{DBLP:conf/ccs/TurrinETC20,
  author    = {Federico Turrin and
               Alessandro Erba and
               Nils Ole Tippenhauer and
               Mauro Conti},
  editor    = {Michail Maniatakos and
               Yuqing Zhang},
  title     = {A Statistical Analysis Framework for {ICS} Process Datasets},
  booktitle = {CPSIOTSEC'20: Proceedings of the 2020 Joint Workshop on CPS{\&}IoT
               Security and Privacy, Virtual Event, USA, November 9, 2020},
  pages     = {25--30},
  publisher = {{ACM}},
  year      = {2020},
  url       = {https://doi.org/10.1145/3411498.3419961},
  doi       = {10.1145/3411498.3419961},
  timestamp = {Thu, 14 Oct 2021 09:58:26 +0200},
  biburl    = {https://dblp.org/rec/conf/ccs/TurrinETC20.bib},
  bibsource = {dblp computer science bibliography, https://dblp.org}
}

@inproceedings{DBLP:conf/uss/ChoiYM21,
  author    = {Seungoh Choi and
               Jeong{-}Han Yun and
               Byung{-}Gil Min},
  title     = {Probabilistic Attack Sequence Generation and Execution Based on {MITRE}
               ATT{\&}CK for {ICS} Datasets},
  booktitle = {{CSET} '21: Cyber Security Experimentation and Test Workshop, Virtual,
               CA, USA, 9 August 2021},
  pages     = {41--48},
  publisher = {{ACM}},
  year      = {2021},
  url       = {https://doi.org/10.1145/3474718.3474722},
  doi       = {10.1145/3474718.3474722},
  timestamp = {Wed, 06 Oct 2021 15:09:25 +0200},
  biburl    = {https://dblp.org/rec/conf/uss/ChoiYM21.bib},
  bibsource = {dblp computer science bibliography, https://dblp.org}
}

@article{DBLP:journals/corr/abs-1907-01216,
  author    = {Moshe Kravchik and
               Asaf Shabtai},
  title     = {Efficient Cyber Attacks Detection in Industrial Control Systems Using
               Lightweight Neural Networks},
  journal   = {CoRR},
  volume    = {abs/1907.01216},
  year      = {2019},
  url       = {http://arxiv.org/abs/1907.01216},
  eprinttype = {arXiv},
  eprint    = {1907.01216},
  timestamp = {Mon, 08 Jul 2019 14:12:33 +0200},
  biburl    = {https://dblp.org/rec/journals/corr/abs-1907-01216.bib},
  bibsource = {dblp computer science bibliography, https://dblp.org}
}

@inproceedings{DBLP:conf/uss/ShinLYK20,
  author    = {Hyeok{-}Ki Shin and
               Woomyo Lee and
               Jeong{-}Han Yun and
               HyoungChun Kim},
  editor    = {Tamara Denning and
               Tyler Moore},
  title     = {{HAI} 1.0: HIL-based Augmented {ICS} Security Dataset},
  booktitle = {13th {USENIX} Workshop on Cyber Security Experimentation and Test,
               {CSET} 2020, August 10, 2020},
  publisher = {{USENIX} Association},
  year      = {2020},
  url       = {https://www.usenix.org/conference/cset20/presentation/shin},
  timestamp = {Mon, 01 Feb 2021 08:43:17 +0100},
  biburl    = {https://dblp.org/rec/conf/uss/ShinLYK20.bib},
  bibsource = {dblp computer science bibliography, https://dblp.org}
}

@inproceedings{DBLP:conf/uss/ChoiCYMK20,
  author    = {Seungoh Choi and
               Jongwon Choi and
               Jeong{-}Han Yun and
               Byung{-}Gil Min and
               HyoungChun Kim},
  editor    = {Tamara Denning and
               Tyler Moore},
  title     = {Expansion of {ICS} Testbed for Security Validation based on {MITRE}
               ATT{\&}CK Techniques},
  booktitle = {13th {USENIX} Workshop on Cyber Security Experimentation and Test,
               {CSET} 2020, August 10, 2020},
  publisher = {{USENIX} Association},
  year      = {2020},
  url       = {https://www.usenix.org/conference/cset20/presentation/choi},
  timestamp = {Mon, 01 Feb 2021 08:43:06 +0100},
  biburl    = {https://dblp.org/rec/conf/uss/ChoiCYMK20.bib},
  bibsource = {dblp computer science bibliography, https://dblp.org}
}


@article{DBLP:journals/tii/NaderHB14,
  author    = {Patric Nader and
               Paul Honeine and
               Pierre Beauseroy},
  title     = {l\({}_{\mbox{p}}\)-norms in One-Class Classification for Intrusion
               Detection in {SCADA} Systems},
  journal   = {{IEEE} Trans. Ind. Informatics},
  volume    = {10},
  number    = {4},
  pages     = {2308--2317},
  year      = {2014},
  url       = {https://doi.org/10.1109/TII.2014.2330796},
  doi       = {10.1109/TII.2014.2330796},
  timestamp = {Mon, 03 Jan 2022 22:06:27 +0100},
  biburl    = {https://dblp.org/rec/journals/tii/NaderHB14.bib},
  bibsource = {dblp computer science bibliography, https://dblp.org}
}


@article{morris2015industrial,
  title={Industrial control system simulation and data logging for intrusion detection system research},
  author={Morris, Thomas H and Thornton, Zach and Turnipseed, Ian},
  journal={7th annual southeastern cyber security summit},
  pages={3--4},
  year={2015}
}


@article{gomez2019generation,
  title={On the generation of anomaly detection datasets in industrial control systems},
  author={G{\'o}mez, {\'A}ngel Luis Perales and Maim{\'o}, Lorenzo Fern{\'a}ndez and Celdran, Alberto Huertas and Clemente, F{\'e}lix J Garc{\'\i}a and Sarmiento, Cristian Cadenas and Masa, Carlos Javier Del Canto and Nistal, Rub{\'e}n M{\'e}ndez},
  journal={IEEE Access},
  volume={7},
  pages={177460--177473},
  year={2019},
  publisher={IEEE}
}


@INPROCEEDINGS{6900095,  author={Borges Hink, Raymond C. and Beaver, Justin M. and Buckner, Mark A. and Morris, Tommy and Adhikari, Uttam and Pan, Shengyi},  booktitle={2014 7th International Symposium on Resilient Control Systems (ISRCS)},   title={Machine learning for power system disturbance and cyber-attack discrimination},   year={2014},  volume={},  number={},  pages={1-8},  doi={10.1109/ISRCS.2014.6900095}}

